@online{1literatureReviewMatrix,
    title = {{Literature Review Matrix}},
    author = {{I.H. McLean}},
    url = {http://svr-sk818-web.cl.cam.ac.uk/keshav/papers/07/paper_review_matrix.pdf},
    urldate = {},
}

@online{2researchSkills,
    title = {{Research Skills}},
    author = {{S. Peyton Jones}},
    url = {https://www.microsoft.com/en-us/research/people/simonpj/},
    urldate = {},
}

@online{3writingReviewsForSystemsConferences,
    title = {{Writing Reviews for Systems Conferences}},
    author = {{T. Roscoe}},
    url = {http://people.inf.ethz.ch/troscoe/pubs/review-writing.pdf},
    urldate = {},
}

@online{4writingTechnicalArticles,
    title = {{Writing Technical Articles}},
    author = {{H. Schulzrinne}},
    url = {https://www.cs.columbia.edu/~hgs/etc/writing-style.html},
    urldate = {},
}

@online{5whitesidesGroupWritingAPaper,
    title = {{Whitesidesâ€™ Group: Writing a Paper}},
    author = {{G.M. Whitesides}},
    url = {http://www.ee.ucr.edu/~rlake/Whitesides_writing_res_paper.pdf},
    urldate = {},
}